<?xml version="1.0" encoding="UTF-8"?><collection xmlns="http://www.loc.gov/MARC21/slim"><record><leader>00326nam--2200121-i-4500</leader><controlfield tag="001">000049203</controlfield><controlfield tag="002">20161230</controlfield><controlfield tag="005">20161230201047</controlfield><controlfield tag="008">060222s1000------------r-----000-0-eng-d</controlfield><datafield ind1=" " ind2=" " tag="100"><subfield code="a">Albov,M.N</subfield></datafield><datafield ind1=" " ind2=" " tag="245"><subfield code="a">Oprobyvanie rudkih mestorozhdenii pri razvetke i eksploatacii</subfield></datafield><datafield ind1=" " ind2=" " tag="260"><subfield code="a">Moskva, Matallurgizdat, 1952. 214 S</subfield></datafield><datafield ind1=" " ind2=" " tag="852"><subfield code="a">2735</subfield></datafield></record></collection>